\bibliographystyle{sbc}
\bibliography{bibliography}

@article{christofides1976worst,
  title={Worst-case analysis of a new heuristic for the travelling salesman problem},
  author={Christofides, Nicos},
  journal={Technical report, Carnegie-Mellon University},
  year={1976}
}

@book{cormen2009introduction,
  title={Introduction to Algorithms},
  author={Cormen, Thomas H and Leiserson, Charles E and Rivest, Ronald L and Stein, Clifford},
  year={2009},
  publisher={MIT press}
}

@book{lawler1985traveling,
  title={The Traveling Salesman Problem: A Guided Tour of Combinatorial Optimization},
  author={Lawler, Eugene L and Lenstra, Jan Karel and Rinnooy Kan, AHG and Shmoys, David B},
  year={1985},
  publisher={Wiley}
}

@article{rosenkrantz1977analysis,
  title={An analysis of several heuristics for the traveling salesman problem},
  author={Rosenkrantz, Daniel J and Stearns, Richard E and Lewis II, Philip M},
  journal={SIAM Journal on Computing},
  volume={6},
  number={3},
  pages={563--581},
  year={1977}
}

@article{bellman1962dynamic,
  title={Dynamic programming treatment of the travelling salesman problem},
  author={Bellman, Richard},
  journal={Journal of the ACM (JACM)},
  volume={9},
  number={1},
  pages={61--63},
  year={1962},
  publisher={ACM New York, NY, USA}
}

@article{dantzig1954solution,
  title={Solution of a large-scale traveling-salesman problem},
  author={Dantzig, George B and Fulkerson, Delbert R and Johnson, Selmer M},
  journal={Journal of the Operations Research Society of America},
  volume={2},
  number={4},
  pages={393--410},
  year={1954}
}

@article{johnson1997traveling,
  title={The traveling salesman problem: A case study},
  author={Johnson, David S and McGeoch, Lyle A},
  journal={Local search in combinatorial optimization},
  pages={215--310},
  year={1997},
  publisher={Princeton University Press}
}
